@misc{zeng2023empirical,
  title         = {An Empirical Evaluation of Columnar Storage Formats},
  author        = {Xinyu Zeng and Yulong Hui and Jiahong Shen and Andrew Pavlo and Wes McKinney and Huanchen Zhang},
  year          = {2023},
  eprint        = {2304.05028},
  archiveprefix = {arXiv},
  primaryclass  = {cs.DB}
}
@article{procella2019,
  title   = {Procella: Unifying serving and analytical data at YouTube},
  author  = {Biswapesh Chattopadhyay and Priyam Dutta and Weiran Liu and Ott Tinn and Andrew McCormick and Aniket Mokashi and Paul Harvey and Hector Gonzalez and David Lomax and Sagar Mittal and Roee Aharon Ebenstein and Nikita Mikhaylin and Hung-ching Lee and Xiaoyan Zhao and Guanzhong Xu and Luis Antonio Perez and Farhad Shahmohammadi and Tran Bui and Neil McKay and Vera Lychagina and Brett Elliott},
  year    = {2019},
  url     = {https://dl.acm.org/citation.cfm?id=3360438},
  journal = {PVLDB},
  pages   = {2022-2034},
  volume  = {12(12)}
}
@inproceedings{dremel,
  title  = {Dremel: A Decade of Interactive SQL Analysis at Web Scale},
  author = {Andrey Gubarev and Dan Delorey and Geoffrey Michael Romer and Hossein Ahmadi and Jeff Shute and Jing Jing Long and Matt Tolton and Mosha Pasumansky and Narayanan Shivakumar and Sergey Melnik and Slava Min and Theo Vassilakis},
  year   = {2020},
  url    = {http://www.vldb.org/pvldb/vol13/p3461-melnik.pdf},
  pages  = {3461-3472}
}
